1CClientBankExchange
ВерсияФормата=1.03
Кодировка=Windows
Отправитель=ip-reports
Получатель=Эльба
ДатаСоздания=01.07.2025
ВремяСоздания=12:00:00
ДатаНачала=01.07.2025
ДатаКонца=30.09.2025
РасчСчет=40802810123456789012
Документ=Банковский ордер
СекцияРасчСчет
ДатаНачала=01.07.2025
ДатаКонца=30.09.2025
РасчСчет=40802810123456789012
НачальныйОстаток=0.00
ВсегоПоступило=964250.00
ВсегоСписано=0.00
КонечныйОстаток=964250.00
КонецРасчСчет
СекцияДокумент=Банковский ордер
Номер=FDF2507102885800
Дата=11.07.2025
Сумма=311611.60
Плательщик=Blu Banyan Inc.
Плательщик1=Blu Banyan Inc.
ПлательщикСчет=40702810000000000001
ПлательщикИНН=9909999999
ПлательщикБИК=044525000
ПлательщикБанк1=Payer Correspondent Bank
ПлательщикКорсчет=30101810000000000001
Получатель=ИП ТЕСТОВЫЙ
Получатель1=ИП ТЕСТОВЫЙ
ПолучательСчет=40802810123456789012
ПолучательИНН=000000000000
ПолучательБИК=044525000
ПолучательБанк1=Placeholder Bank
ПолучательКорсчет=30101810000000000001
ВидОплаты=01
Очередность=5
НазначениеПлатежа=поступление средств за июнь 2025
ДатаПоступило=11.07.2025
КонецДокумента
СекцияДокумент=Банковский ордер
Номер=FEF2507255806900
Дата=28.07.2025
Сумма=318210.80
Плательщик=Blu Banyan Inc.
Плательщик1=Blu Banyan Inc.
ПлательщикСчет=40702810000000000001
ПлательщикИНН=9909999999
ПлательщикБИК=044525000
ПлательщикБанк1=Payer Correspondent Bank
ПлательщикКорсчет=30101810000000000001
Получатель=ИП ТЕСТОВЫЙ
Получатель1=ИП ТЕСТОВЫЙ
ПолучательСчет=40802810123456789012
ПолучательИНН=000000000000
ПолучательБИК=044525000
ПолучательБанк1=Placeholder Bank
ПолучательКорсчет=30101810000000000001
ВидОплаты=01
Очередность=5
НазначениеПлатежа=поступление средств за июль 2025
ДатаПоступило=28.07.2025
КонецДокумента
СекцияДокумент=Банковский ордер
Номер=FDF2509252486300
Дата=26.09.2025
Сумма=334427.60
Плательщик=Blu Banyan Inc.
Плательщик1=Blu Banyan Inc.
ПлательщикСчет=40702810000000000001
ПлательщикИНН=9909999999
ПлательщикБИК=044525000
ПлательщикБанк1=Payer Correspondent Bank
ПлательщикКорсчет=30101810000000000001
Получатель=ИП ТЕСТОВЫЙ
Получатель1=ИП ТЕСТОВЫЙ
ПолучательСчет=40802810123456789012
ПолучательИНН=000000000000
ПолучательБИК=044525000
ПолучательБанк1=Placeholder Bank
ПолучательКорсчет=30101810000000000001
ВидОплаты=01
Очередность=5
НазначениеПлатежа=поступление средств за сентябрь 2025
ДатаПоступило=26.09.2025
КонецДокумента
КонецФайла
